@inproceedings{weber2005sat,
  title={A SAT-based Sudoku solver},
  author={Weber, Tjark},
  booktitle={LPAR},
  pages={11--15},
  year={2005}
}
